<record><leader>00000cas a22000007a 4500</leader><controlfield tag="001">20086794</controlfield><controlfield tag="008">890728d18481851mduwr ne      0    0eng d</controlfield><datafield ind1=" " ind2=" " tag="010"><subfield code="a">sn 89061530 </subfield></datafield><datafield ind1=" " ind2=" " tag="040"><subfield code="a">MFN</subfield><subfield code="b">eng</subfield><subfield code="c">MFN</subfield><subfield code="d">OCLCQ</subfield></datafield><datafield ind1=" " ind2=" " tag="042"><subfield code="a">msc</subfield></datafield><datafield ind1=" " ind2="4" tag="050"><subfield code="a">AN41.881.H3</subfield><subfield code="b">H4</subfield></datafield><datafield ind1="0" ind2="0" tag="245"><subfield code="a">Hagerstown herald of freedom.</subfield></datafield><datafield ind1=" " ind2=" " tag="260"><subfield code="a">Hagerstown, Md. :</subfield><subfield code="b">Mittag &amp; Sneary</subfield></datafield><datafield ind1=" " ind2=" " tag="300"><subfield code="a">v.</subfield></datafield><datafield ind1=" " ind2=" " tag="310"><subfield code="a">Weekly</subfield></datafield><datafield ind1="0" ind2=" " tag="362"><subfield code="a">Vol. 10, no. 1 (July 5, 1848)-</subfield></datafield><datafield ind1="1" ind2=" " tag="362"><subfield code="a">Ceased in 1851.</subfield></datafield><datafield ind1=" " ind2=" " tag="752"><subfield code="a">United States</subfield><subfield code="b">Maryland</subfield><subfield code="c">Washington</subfield><subfield code="d">Hagerstown.</subfield></datafield><datafield ind1="0" ind2="0" tag="780"><subfield code="t">Weekly herald of freedom</subfield><subfield code="w">(DLC)sn 89061531</subfield></datafield><datafield ind1="0" ind2="7" tag="785"><subfield code="t">Torch light (Hagerstown, Md. : 1850)</subfield><subfield code="w">(DLC)sn 90057211</subfield></datafield><datafield ind1="0" ind2="7" tag="785"><subfield code="t">Herald of freedom and torch light</subfield><subfield code="w">(DLC)sn 89061529</subfield></datafield><datafield ind1="1" ind2=" " tag="029"><subfield code="a">AU@</subfield><subfield code="b">000023089542</subfield></datafield></record>